
@article{galeShapley,
	ISSN = {00029890, 19300972},
	URL = {http://www.jstor.org/stable/2312726},
	author = {D. Gale and L. S. Shapley},
	journal = {The American Mathematical Monthly},
	number = {1},
	pages = {9--15},
	publisher = {Mathematical Association of America},
	title = {College Admissions and the Stability of Marriage},
	volume = {69},
	year = {1962}
}

@INPROCEEDINGS{slozenost, 
	author={K. {Iwama} and S. {Miyazaki}}, 
	booktitle={International Conference on Informatics Education and Research for Knowledge-Circulating Society (icks 2008)}, 
	title={A Survey of the Stable Marriage Problem and Its Variants}, 
	year={2008}, 
	volume={}, 
	number={}, 
	pages={131-136}, 
	keywords={gender issues;graph theory;search problems;stable marriage problem;output matching;bipartite graph;Samarium;Informatics;Impedance matching;Hospitals;Mathematics;Game theory;Computer science;Application software;History;Bipartite graph;matching;stable matching;stable marriage;stable roommates}, 
	doi={10.1109/ICKS.2008.7}, 
	ISSN={}, 
	month={Jan},}



@article{prevara,
	author = {L. E. Dubins and D. A. Freedman},
	title = {Machiavelli and the Gale-Shapley Algorithm},
	journal = {The American Mathematical Monthly},
	volume = {88},
	number = {7},
	pages = {485-494},
	year  = {1981},
	publisher = {Taylor & Francis},
	doi = {10.1080/00029890.1981.11995301},
	
	URL = { 
	https://doi.org/10.1080/00029890.1981.11995301
	
	},
	eprint = { 
	https://doi.org/10.1080/00029890.1981.11995301
	
	}
	
}


